<?xml version="1.0" encoding="UTF-8"?><record xmlns="http://www.loc.gov/MARC21/slim" xmlns:cinclude="http://apache.org/cocoon/include/1.0" xmlns:zs="http://www.loc.gov/zing/srw/">
  <leader>00677cz  a2200145n  4500</leader>
  <controlfield tag="001">n  85333918 </controlfield>
  <controlfield tag="003">DLC</controlfield>
  <controlfield tag="005">20080625080239.0</controlfield>
  <controlfield tag="008">851217n| acannaabn          |a ana      </controlfield>
  <datafield tag="010" ind1=" " ind2=" ">
    <subfield code="a">n  85333918 </subfield>
  </datafield>
  <datafield tag="035" ind1=" " ind2=" ">
    <subfield code="a">(OCoLC)oca01511491</subfield>
  </datafield>
  <datafield tag="040" ind1=" " ind2=" ">
    <subfield code="a">DLC</subfield>
    <subfield code="b">eng</subfield>
    <subfield code="c">DLC</subfield>
    <subfield code="d">OCoLC</subfield>
  </datafield>
  <datafield tag="110" ind1="1" ind2=" ">
    <subfield code="a">South Africa.</subfield>
    <subfield code="b">Parliament.</subfield>
    <subfield code="b">House of Assembly.</subfield>
    <subfield code="b">Select Committee on the Road Transportation Bill</subfield>
  </datafield>
  <datafield tag="410" ind1="1" ind2=" ">
    <subfield code="a">South Africa.</subfield>
    <subfield code="b">Parliament.</subfield>
    <subfield code="b">House of Assembly.</subfield>
    <subfield code="b">Gekose Komitee oor die Wetsontwerp op Padvervoer</subfield>
  </datafield>
  <datafield tag="670" ind1=" " ind2=" ">
    <subfield code="a">Its Report of the Select Committee on the Road Transportation Bill, 1975?:</subfield>
    <subfield code="b">t.p. (Republic of South Africa; Gekose Komitee oor die Wetsontwerp op Padvervoer; Republiek van Suid-Afrika)</subfield>
  </datafield>
</record>